%% This BibTeX bibliography file was created using BibDesk.
%% http://bibdesk.sourceforge.net/


%% Created for Nhat Nguyen at 2014-06-11 09:59:09 +0200 


%% Saved with string encoding Unicode (UTF-8) 

@electronic{marketing-preis-2012,
	Author = {{Deutscher Marketing Verband}},
	Date-Added = {2014-06-11 07:45:39 +0000},
	Date-Modified = {2014-06-11 07:47:09 +0000},
	Title = {{Deutscher Marketing-Verband {\"u}berreicht den Deutschen Marketing-Preis 2012 an Zalando}},
	Url = {Deutscher Marketing-Preis 2012},
	Year = {2012}}

@electronic{welt-interview,
	Author = {{Die Welt}},
	Date-Added = {2014-06-11 07:37:55 +0000},
	Date-Modified = {2014-06-11 07:59:09 +0000},
	Title = {{Wir sind Online-Spezialisten}},
	Url = {http://www.welt.de/print/welt_kompakt/webwelt/article112853216/Wir-sind-Online-Spezialisten.html},
	Year = {2013}}

@electronic{tns-versandhandel2013,
	Author = {{TNS Infrastest}},
	Date-Added = {2014-06-11 07:34:10 +0000},
	Date-Modified = {2014-06-11 07:37:01 +0000},
	Title = {{Umsatzverteilung im Versandhandel in Deutschland von 2008 bis 2013}},
	Url = {http://de.statista.com/statistik/daten/studie/39033/umfrage/umsatzverteilung-im-versandhandel-in-deutschland/},
	Year = {2014}}

@electronic{zalando2014,
	Author = {Zalando},
	Date-Added = {2014-05-31 20:56:39 +0000},
	Date-Modified = {2014-05-31 21:06:32 +0000},
	Title = {{Die Entwicklung von Zalando}},
	Url = {http://www.zalando.de/presse-geschichte/},
	Year = {2014},
	Bdsk-Url-1 = {http://www.zalando.de/presse-geschichte/}}

@electronic{wsj2014,
	Author = {{The Wall Street Journal}},
	Date-Added = {2014-05-31 20:51:53 +0000},
	Date-Modified = {2014-05-31 20:53:24 +0000},
	Title = {{The Billion-Dollar Startup Club}},
	Url = {http://graphics.wsj.com/billion-dollar-club/},
	Year = {2014},
	Bdsk-Url-1 = {http://graphics.wsj.com/billion-dollar-club/}}

@electronic{sta-internet2013,
	Author = {Statistika},
	Date-Added = {2014-05-31 20:45:40 +0000},
	Date-Modified = {2014-05-31 21:26:44 +0000},
	Title = {{Anzahl der Internetnutzer in Deutschland bis 2013}},
	Url = {http://de.statista.com/statistik/daten/studie/182618/umfrage/anzahl-der-internetnutzer-in-deutschland-bis-2015/},
	Year = {2013},
	Bdsk-Url-1 = {http://de.statista.com/statistik/daten/studie/182618/umfrage/anzahl-der-internetnutzer-in-deutschland-bis-2015/}}

@electronic{sta-umsatz2014,
	Author = {Statistika},
	Date-Added = {2014-05-31 20:43:39 +0000},
	Date-Modified = {2014-05-31 21:22:52 +0000},
	Title = {{Umsatzentwicklung von Zalando bis 2013}},
	Url = {http://de.statista.com/statistik/daten/studie/247692/umfrage/umsatzentwicklung-von-zalando/},
	Year = {2014},
	Bdsk-Url-1 = {http://de.statista.com/statistik/daten/studie/247692/umfrage/umsatzentwicklung-von-zalando/}}

@electronic{sta-zalando2014,
	Author = {Statistika},
	Date-Added = {2014-05-31 20:37:15 +0000},
	Date-Modified = {2014-05-31 21:22:09 +0000},
	Title = {{Umfrage zur Bekanntheit und Nutzung von Zalando 2014}},
	Url = {http://de.statista.com/statistik/daten/studie/301268/umfrage/bekanntheit-und-nutzung-von-zalando-in-deutschland/},
	Year = {2014},
	Bdsk-Url-1 = {http://de.statista.com/statistik/daten/studie/301268/umfrage/bekanntheit-und-nutzung-von-zalando-in-deutschland/}}

@book{seidel2013,
	Author = {Seidel, Hagen},
	Date-Added = {2014-05-31 20:33:35 +0000},
	Date-Modified = {2014-06-10 19:46:19 +0000},
	Publisher = {Orell F{\"u}ssli Verlag},
	Title = {{Schrei vor Gl{\"u}ck: Zalando oder shoppen gehen war gestern}},
	Year = {2013}}

@misc{Davis.2013,
	Abstract = {With online sales growing, more entrepreneurs are breaking into ecommerce. Here's a look at this thriving industry.},
	Author = {Davis, Kathleen},
	Editor = {entrepreneur.com},
	Keywords = {Ecommerce;Finding The Right Business;Starting a business;Infographics},
	Title = {The Rise of Online Entrepreneurs: Ecommerce By the Numbers (Infographic)},
	Url = {http://www.entrepreneur.com/article/227241},
	Urldate = {01.06.2014},
	Year = {2013},
	Bdsk-Url-1 = {http://www.entrepreneur.com/article/227241}}

@article{Duncker.2008,
	Author = {Duncker, Christian},
	Pages = {6--8},
	Title = {Erfolgsfaktor Marke: Vertrauen in Markenqualit{\"a}t steigt explosionsartig},
	Year = {2008}}

@misc{fuergruender.de.01.06.2014,
	Abstract = {Start-ups im IKT Bereich ben{\"o}tigen oft gr{\"o}{\ss}ere Summen Venture Capital. Wir stellen Investoren vor und zeigen interessante Trends auf.},
	Author = {fuer-gruender.de},
	Keywords = {IT;IKT;Informationstechnologie;Start-ups;Gr{\"u}ndungen;Gr{\"u}nder;Venture Capital},
	Title = {IT {\&} Innovation: IKT Gr{\"u}ndungen und Start-ups in Deutschland},
	Url = {http://www.fuer-gruender.de/it-innovation/},
	Urldate = {01.06.2014},
	Year = {01.06.2014},
	Bdsk-Url-1 = {http://www.fuer-gruender.de/it-innovation/}}

@misc{Gabler.Marke.01.06.2014,
	Abstract = {Marke: 1. Eine Marke kann als die Summe aller Vorstellungen verstanden werden, die ein Markenname oder ein Markenzeichen bei Kunden hervorruft bzw. beim Kunden hervorrufen soll, um die Waren oder Dienstleistungen eines Unternehmens von denjenigen anderer Unternehmen zu unterscheiden. 2. Zu},
	Author = {Gabler},
	Keywords = {Marke;Agentenmarke;Ank{\"u}ndigungsrecht;Auskunftspflicht;Benutzungszwang;Deutsches Patent- und Markenamt (DPMA);Eintragungsbewilligungsklage;Ersch{\"o}pfung;Gemeinschaftsmarke;GemeinschaftsmarkenVO;geografische Herkunftsangaben;gesch{\"a}ftliche Bezeichnungen;gewerbliche Schutzrechte;Grenzbeschlagnahme;Information Chunk;IR-Marke;Kennzeichenrechte;Kennzeichenstreitsache;Kollektivmarke;Lizenz;L{\"o}schung;Madrider Markenabkommen (MMA);Markenstrategien;notorische Marke;Priorit{\"a}tsrecht;Protokoll zum Madrider Markenabkommen;Vernichtungsanspruch;Weiterbenutzungsrecht;Widerspruch;Zwischenrechte;Marken;Brand},
	Title = {Marke},
	Url = {http://wirtschaftslexikon.gabler.de/Definition/marke.html},
	Urldate = {01.06.2014},
	Year = {01.06.2014},
	Bdsk-Url-1 = {http://wirtschaftslexikon.gabler.de/Definition/marke.html}}

@misc{Gabler.Entrepreneurship.22.05.2014,
	Abstract = {Entrepreneurship: Entrepreneurship bezeichnet zum einen das Ausnutzen unternehmerischer Gelegenheiten sowie den kreativen und gestalterischen unternehmerischen Prozess in einer Organisation, bzw. einer Phase unternehmerischen Wandels, und zum anderen eine wissenschaftliche Teildisziplin der Betriebswirtschaftslehre. Die Entrepreneurship-Forschung (auch Gr{\"u}ndungsforschung) pr{\"a}sentiert sich als ein interdisziplin{\"a}res},
	Author = {Gabler},
	Keywords = {Entrepreneurship},
	Title = {Entrepreneurship},
	Url = {http://wirtschaftslexikon.gabler.de/Definition/entrepreneurship.html},
	Urldate = {22.05.2014},
	Year = {22.05.2014},
	Bdsk-Url-1 = {http://wirtschaftslexikon.gabler.de/Definition/entrepreneurship.html}}

@misc{HandelsverbandDeutschland.2014,
	Author = {{Handelsverband Deutschland}},
	Title = {Handelsverband Deutschland (HDE) - E-Commerce-Ums{\"a}tze: Entwicklung der E-Commerce-Ums{\"a}tze in den vergangenen Jahren},
	Url = {http://www.einzelhandel.de/index.php/presse/zahlenfaktengrafiken/internetunde-commerce/item/110185-e-commerce-umsaetze.html},
	Urldate = {01.06.2014},
	Year = {2014},
	Bdsk-Url-1 = {http://www.einzelhandel.de/index.php/presse/zahlenfaktengrafiken/internetunde-commerce/item/110185-e-commerce-umsaetze.html}}

@misc{Harvardbusinessmanager.03.05.2014,
	Abstract = {Rein rechtlich ist eine Marke ein Warenzeichen, ein Name, Zeichen oder Symbol, mit dem Produkte gekennzeichnet werden, um ihre Einmaligkeit auszudr{\"u}cken. Ein Zeichen, das sich markenrechtlich sch{\"u}tzen l{\"a}sst.},
	Author = {Harvardbusinessmanager},
	Keywords = {HarvardBusinessmanager.de;Harvard Business Manager;Harvard Businessmanager;HBM;Harvard Business Review;Hefte;Marke;Rechnungslegungsstandard IFRS},
	Title = {Was ist ...: eine Marke? - Harvard Business Manager - Harvard Business Manager},
	Url = {http://www.harvardbusinessmanager.de/heft/artikel/a-621303.html},
	Urldate = {03.05.2014},
	Year = {03.05.2014},
	Bdsk-Url-1 = {http://www.harvardbusinessmanager.de/heft/artikel/a-621303.html}}

@misc{Investopedia.03.05.2014,
	Author = {Investopedia},
	Keywords = {marketing;microeconomics;buzzword;first mover;dictionary;glossary;education;investment;tutorials;investing;invest;investor;stocks;quotes;analysis;beginner;finance;financial;market;news;401k;ira;personal;definitions;terms;mutual funds;ipo;options;nasdaq;trader;trading},
	Title = {First Mover Definition | Investopedia},
	Url = {http://www.investopedia.com/terms/f/firstmover.asp},
	Urldate = {03.05.2014},
	Year = {03.05.2014},
	Bdsk-Url-1 = {http://www.investopedia.com/terms/f/firstmover.asp}}

@misc{MarkenManagement.17.05.2014,
	Abstract = {Beitr{\"a}ge {\"u}ber 2.1 Geschichte der Marke geschrieben von elisawa},
	Author = {Marken-Management},
	Title = {Beitr{\"a}ge {\"u}ber 2.1 Geschichte der Marke auf MARKEN-MANAGEMENT},
	Url = {http://markenmanagement.wordpress.com/category/2-geschichte-der-markenfuhrung/2-1-geschichte-der-marke/},
	Urldate = {17.05.2014},
	Year = {17.05.2014},
	Bdsk-Url-1 = {http://markenmanagement.wordpress.com/category/2-geschichte-der-markenfuhrung/2-1-geschichte-der-marke/}}

@article{Meffert.,
	Author = {Meffert, Heribert and Burmann, Christoph and Koers, Martin},
	Title = {MeMarken-01.vp}}

@article{Pott.2012,
	Author = {Pott, Oliver and Pott, Andr{\'e}},
	Journal = {Entrepreneurship},
	Title = {Entrepreneurship: Unternehmensgr{\"u}ndung, unternehmerisches Handeln und rechtliche Aspekte},
	Year = {2012}}

@book{Suckow.2011,
	Abstract = {Der Aufbau der Unternehmensmarke findet in der Regel {\"u}ber die Entwicklung und Kommunikation der Unternehmensidentit{\"a}t statt. Christina Suckow identifiziert relevante Elemente, mithilfe derer die Identit{\"a}t reiner E-Brands {\"u}ber die Webseite aufgebaut und transportiert wird. Im Rahmen einer empirischen Untersuchung eruiert sie zudem die Wirkung dieser Identit{\"a}tselemente auf die Einstellungsbildung von Erstbesuchern eines Online-Shops. Dabei wird das Einstellungskonstrukt auch hinsichtlich der mediierenden Wirkung von Affekt und Kognition auf die Beziehung zwischen Wahrnehmung der Identit{\"a}tselemente und Verhaltensintention der Online-Shopper analysiert.},
	Address = {Wiesbaden},
	Author = {Suckow, Christina},
	Edition = {1. Aufl},
	Isbn = {978-3-8349-2855-9},
	Publisher = {Gabler Verlag / Springer Fachmedien Wiesbaden GmbH, Wiesbaden},
	Series = {Entrepreneurship},
	Title = {Markenaufbau im Internet: Identifikation und Analyse zentraler Wirkungselemente der Unternehmensidentit{\"a}t im Rahmen der Einstellungsbildung von Online-Shop-Besuchern},
	Year = {2011}}

@misc{VerticalMediaGmbH.01.06.2014,
	Abstract = {Entrepreneurship meint die Gr{\"u}ndung von Unternehmen basierend auf innovativen Gesch{\"a}ftsideen.},
	Author = {{Vertical Media GmbH}},
	Keywords = {Gr{\"u}nderszene Lexikon},
	Title = {Gr{\"u}nderszene Lexikon},
	Url = {http://www.gruenderszene.de/lexikon/begriffe/entrepreneurship},
	Urldate = {01.06.2014},
	Year = {01.06.2014},
	Bdsk-Url-1 = {http://www.gruenderszene.de/lexikon/begriffe/entrepreneurship}}

@book{Walter.2014,
	Address = {Wiesbaden},
	Author = {Walter, Achim and Rasmus, Anke and Riesenhuber, Felix and Schmidthals, Jens and Dickel, Petra},
	Isbn = {978-3-658-03598-3},
	Publisher = {Imprint: Springer Gabler},
	Series = {SpringerLink : B{\"u}cher},
	Title = {Fallstudien zur Gr{\"u}ndung und Entwicklung innovationsorientierter Unternehmen: Einflussgr{\"o}{\ss}en und theoretische Verankerung des Erfolgs},
	Year = {2014}}

@misc{Gabler.Preispremium.03.06.2014,
	Abstract = {Preispremium: Preisdifferenz zum Konkurrenzpreis, die ein Anbieter, eine Marke oder eine Einkaufsst{\"a}tte aufgrund der individuellen Pr{\"a}ferenz eines Nachfragers erzielen kann.},
	Author = {Gabler.Preispremium},
	Keywords = {Preispremium},
	Title = {Definition {\frqq} Preispremium {\flqq} | Gabler Wirtschaftslexikon},
	Url = {http://wirtschaftslexikon.gabler.de/Definition/preispremium.html},
	Urldate = {03.06.2014},
	Year = {03.06.2014},
	Bdsk-Url-1 = {http://wirtschaftslexikon.gabler.de/Definition/preispremium.html}}

@misc{QuantitativeMarketing.25.06.2013,
	Author = {Hoepner, Gert},
	Title = {Quantitative Marketing-Ziele -- WirtschaftsWiki},
	Url = {https://www.wirtschaftswiki.fh-aachen.de/index.php?title=Quantitative_Marketing-Ziele},
	Urldate = {05.06.2014},
	Year = {2012},
	Bdsk-Url-1 = {https://www.wirtschaftswiki.fh-aachen.de/index.php?title=Quantitative_Marketing-Ziele}}

@misc{Gabler.Kundenorientierung.05.06.2014,
	Abstract = {Kundenorientierung: die Ausrichtung aller marktrelevanten Ma{\ss}nahmen eines Unternehmens an den Bed{\"u}rfnissen und Problemen der Kunden.},
	Author = {Kirchgeorg, Manfred},
	Editor = {Gabler},
	Keywords = {Kundenorientierung;Kunde},
	Title = {Kundenorientierung},
	Url = {http://wirtschaftslexikon.gabler.de/Definition/kundenorientierung.html},
	Urldate = {05.06.2014},
	Year = {05.06.2014},
	Bdsk-Url-1 = {http://wirtschaftslexikon.gabler.de/Definition/kundenorientierung.html}}

@misc{BrandingforResults.2001,
	Abstract = {Learn how a clearly defined brand identity can help build your business even in the face of fierce competition},
	Author = {Carey, W.R. Max},
	Keywords = {Branding for Results},
	Title = {Branding for Results},
	Url = {http://www.entrepreneurship.org/resource-center/branding-for-results.aspx},
	Urldate = {07.06.2014},
	Year = {2001},
	Bdsk-Url-1 = {http://www.entrepreneurship.org/resource-center/branding-for-results.aspx}}

@misc{Marktsegmente.07.06.2014,
	Abstract = {Kunden denken und f{\"u}hlen sehr verschieden. Um sie richtig anzusprechen, helfen Modelle aus der Marktforschung. Diesie definieren Zielgruppen aus Werten, Einstellungen und Verhalten.},
	Author = {Fleig, J{\"u}rgen},
	Title = {Schubladendenken: Kunden in Marktsegmente einteilen},
	Url = {http://www.business-wissen.de/artikel/schubladendenken-kunden-in-marktsegmente-einteilen/},
	Urldate = {07.06.2014},
	Year = {29.12.2009},
	Bdsk-Url-1 = {http://www.business-wissen.de/artikel/schubladendenken-kunden-in-marktsegmente-einteilen/}}

@misc{Sinus-Milieus.07.06.2014b,
	Author = {Calmbach, Marc},
	Title = {Sinus-Milieus},
	Url = {http://www.google.de/imgres?imgurl=http://www.sinus-institut.de/uploads/pics/Web-Sinus-Milieus-in-Deutschland860x646.jpg\&imgrefurl=http://www.sinus-institut.de/loesungen/sinus-milieus.html\&h=646\&w=860\&tbnid=xBDAQN5uH3DETM:\&zoom=1\&tbnh=95\&tbnw=127\&usg=__tcmLtaCfoNs0Xkz3-xtyMd6tFcM=\&docid=jBGRWqZLLoSUhM\&sa=X\&ei=uxuTU5uJFamD4gTUnoCYCg\&ved=0CDwQ9QEwAg\&dur=868},
	Urldate = {07.06.2014},
	Year = {07.06.2014},
	Bdsk-Url-1 = {http://www.google.de/imgres?imgurl=http://www.sinus-institut.de/uploads/pics/Web-Sinus-Milieus-in-Deutschland860x646.jpg%5C&imgrefurl=http://www.sinus-institut.de/loesungen/sinus-milieus.html%5C&h=646%5C&w=860%5C&tbnid=xBDAQN5uH3DETM:%5C&zoom=1%5C&tbnh=95%5C&tbnw=127%5C&usg=__tcmLtaCfoNs0Xkz3-xtyMd6tFcM=%5C&docid=jBGRWqZLLoSUhM%5C&sa=X%5C&ei=uxuTU5uJFamD4gTUnoCYCg%5C&ved=0CDwQ9QEwAg%5C&dur=868}}

@misc{Marketing-Mix.07.06.2014d,
	Abstract = {Wie findet man den richtigen Marketing-Mix?},
	Author = {Kratel, Harald},
	Title = {Der richtige Marketing-Mix f{\"u}r E-Commerce-Sites - marketing-B{\"O}RSE},
	Url = {http://www.marketing-boerse.de/Fachartikel/details/Der-richtige-Marketing-Mix-fuer-E-Commerce-Sites/32316},
	Urldate = {07.06.2014},
	Year = {07.06.2014},
	Bdsk-Url-1 = {http://www.marketing-boerse.de/Fachartikel/details/Der-richtige-Marketing-Mix-fuer-E-Commerce-Sites/32316}}

@misc{Statisa.E-Commerce.Werbeausgaben.07.06.2014c,
	Abstract = {Diese Statistik zeigt die Entwicklung der Werbeausgaben im E-Commerce in Deutschland in den Jahren von 2000 bis 2013. Im Jahr 2011 lagen die Werbeausgaben im E-Commerce laut Nielsen Media Research bei mehr als 580 Millionen Euro.},
	Author = {Statista},
	Title = {E-Commerce - Werbeausgaben in Deutschland 2013 | Statistik},
	Url = {http://de.statista.com/statistik/daten/studie/196993/umfrage/werbeausgaben-im-e-commerce-in-deutschland-seit-2000/},
	Urldate = {07.06.2014},
	Year = {07.06.2014},
	Bdsk-Url-1 = {http://de.statista.com/statistik/daten/studie/196993/umfrage/werbeausgaben-im-e-commerce-in-deutschland-seit-2000/}}

@misc{OnlineMarketing.08.06.2014c,
	Abstract = {Die richtige Auswahl und intelligente Kombination der Online Marketing Kan{\"a}le ist erfolgsentscheidend! SEO, SEA, Affiliate - und Social Media Marketing {\&}amp; mehr.},
	Author = {Eren, Erkan},
	Keywords = {online marketing kan{\"a}le},
	Title = {Wichtigste Online Marketing Kan{\"a}le},
	Url = {http://www.e2marketing.de/allgemein/wichtigste-online-marketing-kanaele},
	Urldate = {08.06.2014},
	Year = {2013},
	Bdsk-Url-1 = {http://www.e2marketing.de/allgemein/wichtigste-online-marketing-kanaele}}

@misc{GruenderWelt.OfflineMarketing.08.06.2014,
	Abstract = {Was ist Offline Marketing? Worin unterscheidet sich das Offline Marketing gegen{\"u}ber dem Online Marketing und wie wird mein Marketing zum Erfolg?},
	Author = {{Gr{\"u}nder Welt}},
	Title = {Offline Marketing - Gr{\"u}nder Welt},
	Url = {http://www.gruender-welt.com/offline-marketing/},
	Urldate = {08.06.2014},
	Year = {08.06.2014},
	Bdsk-Url-1 = {http://www.gruender-welt.com/offline-marketing/}}

@misc{OnPage.SEA.02.05.2014,
	Abstract = {In dem Wiki von OnPage.org findest du Informationen zu dem Thema Search Engine Advertising. Wenn m{\"o}glich werden Beispiele gezeigt und Hintergr{\"u}nde erl{\"a}utert. Viel Spa{\ss} beim Lesen!},
	Author = {OnPage},
	Title = {Search Engine Advertising},
	Url = {http://de.onpage.org/wiki/Search_Engine_Advertising},
	Urldate = {08.06.2014},
	Year = {02.05.2014},
	Bdsk-Url-1 = {http://de.onpage.org/wiki/Search_Engine_Advertising}}

@misc{OfVsOnMarketing.08.06.2014d,
	Abstract = {Klassisches Marketing versus Online-Marketing: Neue Herausforderungen f{\"u}r kleine und mittlere Unternehmen.},
	Author = {Schnake, Maria},
	Keywords = {klassisches marketing;online marketing;marketing versus online marketing;klassisches marketing versus online marketing},
	Title = {Klassisches Marketing versus Online-Marketing},
	Url = {http://www.ms-virtualmarketing.com/de/component/k2/item/21-klassisches-marketing-versus-online-marketing},
	Urldate = {08.06.2014},
	Year = {2012},
	Bdsk-Url-1 = {http://www.ms-virtualmarketing.com/de/component/k2/item/21-klassisches-marketing-versus-online-marketing}}

@misc{Seidel.2013,
	Abstract = {Hinter dem Interneth{\"a}ndler Zalando steckt eine hochprofessionelle Verkaufsmaschinerie. Wie der spektakul{\"a}re Aufstieg gelang, enth{\"u}llt das Buch {\glqq}Schrei vor Gl{\"u}ck{\grqq}. Hier lesen Sie einen Auszug.},
	Author = {Seidel, Hagen},
	Keywords = {Seidel-Hagen;DHL;Zalando;E-Commerce [ks];E-Commerce-Logistik [ks];Internethandel [ks];Internethandel-Lage [ks]},
	Title = {Das geniale Erfolgsrezept von Zalando},
	Url = {http://www.welt.de/wirtschaft/webwelt/article120361689/Das-geniale-Erfolgsrezept-von-Zalando.html},
	Urldate = {08.06.2014},
	Year = {2013},
	Bdsk-Url-1 = {http://www.welt.de/wirtschaft/webwelt/article120361689/Das-geniale-Erfolgsrezept-von-Zalando.html}}

@misc{Pro7.08.06.2014e,
	Author = {{ProSiebenSat.1 Media AG}},
	Title = {SevenVentures - ProSiebenSat1.de},
	Url = {http://www.prosiebensat1.com/de/aktivitaeten/deutschland/sevenventures},
	Urldate = {08.06.2014},
	Year = {08.06.2014},
	Bdsk-Url-1 = {http://www.prosiebensat1.com/de/aktivitaeten/deutschland/sevenventures}}

@misc{MarketingAcademy.Herausforderungen.08.06.2014f,
	Author = {{Marketing Academy}},
	Title = {Die aktuellen Herausforderunge},
	Url = {http://www.marketing-academy.ch/pt5/academystart.asp?mid=130\&pid=114},
	Urldate = {08.06.2014},
	Year = {08.06.2014},
	Bdsk-Url-1 = {http://www.marketing-academy.ch/pt5/academystart.asp?mid=130%5C&pid=114}}

@misc{MarketingStartUps.09.06.2014,
	Abstract = {Wenn das Online-Marketing anfangs nicht richtig angelegt wird, verursacht es sp{\"a}ter h{\"o}here Kosten. Hier eine Anleitung.},
	Author = {Ehrich, Till},
	Title = {Effektives Online-Marketing f{\"u}r Startups},
	Url = {http://www.gruenderszene.de/marketing/online-marketing-tipps},
	Urldate = {09.06.2014},
	Year = {2012},
	Bdsk-Url-1 = {http://www.gruenderszene.de/marketing/online-marketing-tipps}}

@misc{StartUp.Websites.09.06.2014b,
	Abstract = {Wie l{\"a}sst sich als junges Unternehmen g{\"u}nstig eine Firmen-Website aufsetzen? In der StartUp-Phase geht es darum, schnell und g{\"u}nstig am Markt wahrgenommen zu werden.},
	Author = {Brandl, Robert},
	Title = {Wege zu einer kosteng{\"u}nstigen Firmen-Website f{\"u}r StartUps},
	Url = {http://www.gruenderszene.de/marketing/firmen-website},
	Urldate = {09.06.2014},
	Year = {2011},
	Bdsk-Url-1 = {http://www.gruenderszene.de/marketing/firmen-website}}

	@misc{Onlinemarketing.11.06.2014,
 abstract = {Mehr Wissen f{\"u}r mehr Erfolg im Internet: {\&}quot;Die Unternehmenswebsite als zentrale Anlaufstelle{\&}quot; mit Tipps, Tricks und Know-How bei Onlinemarketing-Praxis.},
 author = {Onlinemarketing-Praxis},
 title = {Die Unternehmenswebsite als zentrale Anlaufstelle | Onlinemarketing-Praxis},
 url = {http://www.onlinemarketing-praxis.de/unternehmenswebsite/die-unternehmenswebsite-als-zentrale-anlaufstelle},
 keywords = {Kundengewinnung;Zielgruppenansprache;Unternehmenswebsite;Marketingziele;Ma{\ss}nahmen;Zielgruppen},
 urldate = {11.06.2014}
}


@misc{Usability.11.06.2014,
 abstract = {description},
 author = {Borsutzky, Silvana},
 year = {2002},
 title = {Web Usability -- eine Einf{\"u}hrung},
 url = {http://www.scoreberlin.de/usability-artikel/web-usability/},
 keywords = {usability;web usability;website;benutzerfreundlichkeit},
 urldate = {11.06.2014}
}

@book{Alpar.2012,
 author = {Alpar, Andre},
 year = {2012},
 title = {webselling: Das gro{\ss}e Online-Marketing Praxisbuch},
 address = {D{\"u}sseldorf},
 publisher = {Data Becker},
 isbn = {978-3815829806},
 series = {WebSelling}
}

@misc{ViralMarketing.11.06.2014,
 author = {ViralMarketing},
 year = {11.06.2014},
 title = {ViralMarketing},
 url = {http://www.viralmarketing.de/},
 urldate = {11.06.2014}
}

@misc{Statista.Facebook2014,
 abstract = {Anzahl der monatlich aktiven Nutzer von Facebook weltweit bis Q1 2014 - Statistiken {\&}amp; Studien zum Thema bei Statista entdecken!},
 author = {Statista},
 year = {2014},
 title = {Anzahl der aktiven Nutzer von Facebook bis 2014 | Statistik},
 url = {http://de.statista.com/statistik/daten/studie/37545/umfrage/anzahl-der-aktiven-nutzer-von-facebook/},
 urldate = {11.06.2014}
}

@misc{Gabler.ViralMarketing.e,
 abstract = {Viral Marketing: Propagation, Aggregation Marketing, Organic Marketing, V-Marketing, Virus Marketing; 1. Begriff: Konzept der Kommunikations- bzw. Vertriebspolitik im Marketing, das eine Vielzahl von Techniken und Methoden beinhaltet, die die Kunden animieren sollen, Werbekommunikation {\"u}ber Produkte und Dienstleistungen in elektronischer Form aus eigenen},
 author = {Esch, Franz-Rudolf},
 title = {Viral Marketing},
 url = {http://wirtschaftslexikon.gabler.de/Archiv/54718/viral-marketing-v9.html},
 keywords = {Viral Marketing;Blog;E-Mail;Short Message Service (SMS);virale Markenkommunikation;Word-of-Mouth;Propagation;Aggregation Marketing;Organic Marketing;V-Marketing;Virus Marketing},
 urldate = {11.06.2014}
}

@misc{VIRAL.Seeding.11.06.2014,
 year = {2013},
 author = {ViralLab},
 title = {VIRAL-BLOG: Was ist eigentlich Seeding?},
 url = {http://www.virallab.de/wordpress/2013/02/was-ist-eigentlich-seeding/\#more-221},
 urldate = {11.06.2014}
}

@misc{Matt.11.06.2014,
 author = {Matt, Jung von},
 year = {2014},
 title = {EDEKA Supergeil},
 url = {http://www.jvm.com/de/work/work\_subpages/edeka\_\_supergeil\_.html},
 keywords = {Jung von Matt;JvM;Werbung;Werbeagentur;Advertising;Agentur;Trojanisches Pferd;Trendvideo;Effizienzer;Worldforce;Kreation;Holger Jung;Jean-Remy von Matt.},
 urldate = {11.06.2014}
}


@misc{VerticalMediaGmbH.12.06.2014,
 abstract = {Display-Advertising beschreibt Werbung im Online- und mobilen Bereich.},
 author = {{Vertical Media GmbH}},
 title = {Display-Advertising},
 url = {http://www.gruenderszene.de/lexikon/begriffe/display-advertising},
 keywords = {Gr{\"u}nderszene Lexikon},
 urldate = {12.06.2014}
}


@misc{Bannerwerbung.12.06.2014,
 abstract = {Bannerwerbung bezeichnet digitale Werbung mithilfe von{\&}nbsp;Werbebanner.{\&}nbsp;},
 author = {{Vertical Media GmbH}},
 title = {Bannerwerbung},
 url = {http://www.gruenderszene.de/lexikon/begriffe/bannerwerbung},
 keywords = {Gr{\"u}nderszene Lexikon},
 urldate = {12.06.2014}
}


@misc{AdBlocker.12.06.2014,
 abstract = {AdBlocker sind Tools, die die Werbung auf Internetseiten blockieren . Die Werbebanner werden versteckt bzw. gar nicht erst geladen. AdBlocker erfreuen sich},
 author = {{Online Marketing}},
 year = {12.06.2014},
 title = {AdBlocker},
 url = {http://onlinemarketing.de/lexikon/definition-adblocker},
 urldate = {12.06.2014}
}


@misc{StopAdBlock.12.06.2014,
 abstract = {Mit StopAdBlock bzw. Anti AdBlock verhindern sie {\"a}u{\ss}erst zuverl{\"a}ssig den Einsatz von Adblockern auf Ihren Projekten und k{\"o}nnen so Ihre Werbeeinahmen konstant halten},
 author = {StopAdBlock.org},
 year = {2012},
 title = {StopAdBlock.org - Adblocker installieren - Adblock deaktivieren},
 url = {http://stopadblock.org/},
 urldate = {12.06.2014}
}

@misc{Google.AdWords.12.06.2014,
 abstract = {Durch die Werbung mit Google AdWords-Anzeigen im Bereich {\&}quot;Anzeigen{\&}quot; neben den Suchergebnissen k{\"o}nnen Sie die Zugriffszahlen Ihrer Website und Ihren Umsatz erh{\"o}hen. Bei der Pay-per-Click-Werbung mit Keywords bezahlen Sie in Google AdWords nur f{\"u}r Ergebnisse. AdWords ist eine hervorragende L{\"o}sung f{\"u}r das Online-Marketing und eignet sich f{\"u}r alle Website-Inhaber und Branchen.},
 author = {{Google Inc.}},
 title = {Google AdWords - Online-Werbung von Google},
 url = {https://accounts.google.com/ServiceLogin?service=adwords\&continue=https://adwords.google.com/um/gaiaauth?apt\%3DNone\%26ltmpl\%3Djfk\%26sourceid\%3Dawo\%26subid\%3Dww-ns-g-awhp\_nelsontest3\_p\&hl=de\_DE\&ltmpl=jfk\&passive=86400\&skipvpage=true\&sacu=1\&sarp=1\&sourceid=awo\&subid=ww-ns-g-awhp\_nelsontest3\_p},
 urldate = {12.06.2014}
}


@misc{Statista.MarktanteileSuchmaschinen.12.06.2014,
 abstract = {Die Statistik zeigt die Marktanteile der Suchmaschinen weltweit und in Deutschland im Vergleich. Im M{\"a}rz 2014 entfielen rund 70 Prozent aller Suchanfragen weltweit auf Google, in der Bundesrepublik kommt das kalifornische Unternehmen auf einen Marktanteil von 91 Prozent.},
 author = {Statista},
 year = {2014},
 title = {Marktanteile der Suchmaschinen 2014 | Statistik},
 url = {http://de.statista.com/statistik/daten/studie/222849/umfrage/marktanteile-der-suchmaschinen-weltweit/},
 urldate = {12.06.2014}
}

@misc{Suchmaschinenoptimierung.09.08.2012,
 author = {{Google Inc.}},
 year = {09.08.2012},
 title = {Einf{\"u}hrung in Suchmaschinenoptimierung},
 url = {http://static.googleusercontent.com/media/www.google.de/de/de/webmasters/docs/einfuehrung-in-suchmaschinenoptimierung.pdf},
 urldate = {12.06.2014}
}


@misc{Googlebot.12.06.2014,
 author = {{Google Inc.}},
 title = {Googlebot},
 url = {https://support.google.com/webmasters/answer/182072?hl=de},
 keywords = {Google Help Center},
 urldate = {12.06.2014}
}


@misc{GooglePlus.12.06.2014,
 abstract = {Auf Google+ k{\"o}nnen Sie sich mit Freunden austauschen und Ihren Interessen nachgehen. Teilen Sie Fotos, senden Sie Nachrichten, bleiben Sie mit Menschen, die Ihnen wichtig sind, in Kontakt und informieren Sie sich {\"u}ber Themen, die Sie interessant finden.},
 author = {{Google Inc.}},
 title = {Google+},
 url = {https://plus.google.com/},
 urldate = {12.06.2014}
}


@misc{Facebook.12.06.2014,
 abstract = {Facebook ist ein soziales Netzwerk, das Menschen mit ihren Freunden, Arbeitskollegen, Kommilitonen und anderen Mitmenschen verbindet. Nutzer verwenden...},
 author = {Facebook},
 title = {Facebook Inc.},
 url = {https://www.facebook.com/},
 urldate = {12.06.2014}
}

@misc{BITKOM.18.12.2013,
 author = {BITKOM},
 year = {2012},
 title = {Leitfaden Social Media},
 url = {http://www.bitkom.org/files/documents/leitfadensocialmedia2012(1).pdf},
 urldate = {12.06.2014}
}


@misc{FacebookPosts.12.06.2014,
 abstract = {Soziale Netzwerke wie Facebook und Google+ gewinnen immer mehr an Bedeutung. Nicht zuletzt sind sie auch ein Faktor, der bei der Suchmaschinenoptimierung eine},
 author = {Tonikarsten.de},
 year = {2013},
 title = {Facebook Posts. Wann, was und wie oft? | tonikarsten.de},
 url = {http://tonikarsten.de/allgemein/facebook-posts-wann-was-und-wie-oft/},
 keywords = {facebook posts;facebook status aktualisieren;facebook marketing;online marketing mit facebook},
 urldate = {12.06.2014}
}

@misc{Buffer,
 abstract = {Buffer makes it super easy to share any page you're reading. Keep your Buffer topped up and we automagically share them for you through the day.},
  author = {Buffer},
 title = {Buffer - A better way to share on social media},
 url = {https://bufferapp.com/},
 keywords = {Twitter;tweets;scheduled tweets;buffer;drip-feed;schedule;bookmarklet;chrome extension;twitter buffer;twitter queue;queue;facebook;facebook scheduling;social media;social media management;linked in},
 urldate = {12.06.2014}
}

@misc{VerticalMediaGmbH.d,
 abstract = {Affiliate-Marketing ist ein Bereich des Online-Marketings, bei dem Webseitenbetreiber Werbelinks von Dritten auf ihrer Plattform platzieren.},
 author = {{Vertical Media GmbH}},
 title = {Gr{\"u}nderszene Lexikon},
 url = {http://www.gruenderszene.de/lexikon/begriffe/affiliate-marketing},
 keywords = {Gr{\"u}nderszene Lexikon},
 urldate = {12.06.2014}
}

@misc{Cittineau.09.04.2012,
 author = {Cittineau, Julie},
 date = {09.04.2012},
 title = {Five Strategies for Entrepreneurial Branding},
 url = {https://www.youtube.com/watch?v=Lzcno0meg78}
}















